2211 3726
677 222 778 285 Cap.
805 221 880 268 lX.
911 219 984 266 De
998 215 1268 266 Elesioribus.
1747 222 1839 282 449'

141 301 406 348 praetenduntur
425 328 434 343 ‚
458 302 565 337 veluti
584 309 688 336 extra
700 313 827 350 operas
842 295 963 348 perso-

142 350 262 391 nales,
286 350 506 395 angariarum
521 376 532 393 ,
560 347 704 398 sequelae
720 377 732 394 ,
756 360 847 384 arma
869 347 962 382 indi—

141 397 247 432 cendi
273 396 512 445 lustrandit'lue
535 405 707 441 armatos,
731 396 965 433 Colledtarum

142 444 209 479 five
227 446 484 480 ordinariarum
505 446 573 482 slve
591 446 963 487 extraordinariarum,

139 501 276 528 tutores
303 494 337 528 ὅ(
363 504 543 529 curatores
567 495 670 529 dandi
695 493 885 542 eorumque
909 504 966 528 ra-

140 543 258 576 tiones
280 544 505 579 examinantii
523 569 535 585 ,
561 544 759 578 inventaria
779 551 883 577 extra
907 552 965 575 ca-

142 586 214 624 sum
237 589 411 625 bonorum
435 593 637 625 vacantium
653 589 891 632 conficiendi,
916 599 965 623 ex

142 645 266 673 tenore
290 640 466 686 Privilegii
490 637 782 686 Wildtfangiatus
808 636 864 673 seu
881 649 965 685 pro-

141 687 298 734 prietatis
311 684 505 734 personalis
524 689 560 722 in
575 688 762 721 territoriis
781 685 966 722 confoede-

141 742 298 769 rator-um
320 747 392 769 non
410 744 608 783 competere
626 762 636 777 ,
666 732 724 770 sed
744 734 785 769 ab
803 737 844 769 iis
861 735 966 782 inpo'-

142 782 267 817 sterum
282 794 329 817 ex
343 783 411 818 hoc
431 785 532 818 titulo
550 782 792 818 abstinendum
801 780 883 825 esse,
905 780 968 816 nisi

143 833 180 865 in
200 832 310 874 locis,
333 833 368 865 in
388 831 513 879 quibus
529 831 563 866 δι
583 830 882 865 conventionibus
903 830 969 863 ali·

142 879 226 926 quid
241 881 358 914 talium
371 880 418 914 est
427 877 642 922 concessum,
657 876 756 913 sicuti
771 880 864 914 circa
879 888 968 926 prae-

142 926 237 963 tensa
261 926 336 963 haec
360 929 431 972 jura
455 927 648 976 eorumque
671 929 887 962 exercitium
905 925 972 960 ob-

144 974 307 1017 servetur,
325 977 421 1022 quod
433 972 686 1010 transaffiones
708 975 743 1011 &
757 976 971 1010 conventio-

144 1036 208 1059 nes
234 1024 325 1058 inter
344 1021 510 1059 sereniss.
536 1022 711 1059 Ete&ores
736 1024 913 1059 Palatinos
933 1023 968 1058 &

145 1072 456 1108 Reverendislimos
466 1069 655 1120 Episcopos
667 1069 844 1120 spirenses
855 1072 970 1106 diver·

143 1121 186 1156 sis
206 1119 420 1168 temporibus
442 1120 539 1154 initae
555 1147 566 1162 ,
595 1132 719 1168 nempe
738 1124 846 1155 Anno
871 1130 971 1166 1491.

143 1169 177 1205 &
196 1171 301 1203 Auno
322 1178 420 1211 1521.
441 1165 589 1202 sonant:
619 1167 774 1204 similiter
793 1170 897 1204 etiam
915 1171 970 1203 in-

144 1224 196 1252 ter
215 1218 310 1251 alte·
325 1223 549 1251 memoratam
563 1218 715 1251 Domum
732 1219 920 1252 Palatinam
935 1217 970 1252 &

143 1265 317 1300 Comitem
348 1263 711 1300 Fachensteinensem
739 1269 846 1301 Anno
869 1273 970 1311 1538.

141 1310 311 1348 transatssia
328 1313 517 1348 valeant&
534 1312 717 1349 serventur
732 1340 742 1356 ,
772 1317 816 1349 ita
838 1322 972 1357 tamen,

142 1369 182 1397 tit
198 1362 232 1394 in
255 1357 334 1395 casu
349 1368 519 1408 aperturae
539 1360 648 1403 feudi,
671 1362 705 1397 3:
719 1360 975 1397 consolidatio·

143 1411 196 1444 nis
209 1408 355 1443 dominii
383 1411 478 1443 utilis
501 1421 582 1445 cum
603 1410 736 1446 dil-ceto
760 1411 976 1456 (restitutir

143 1455 306 1494 omnibus
320 1459 354 1490 in
370 1459 470 1505 pagis
483 1458 516 1492 ἃ(
527 1460 614 1493 loeis
628 1459 672 1493 ad
687 1458 813 1495 dicium
832 1458 974 1494 feudum

142 1503 375 1554 spe&antibus
400 1507 435 1540 in
463 1518 542 1541 eum
563 1506 684 1541 statum
702 1534 712 1549 ,
739 1509 775 1541 in
794 1519 863 1555 quo
885 1516 972 1543 tem-

142 1565 226 1603 pore
250 1553 463 1589 lnvestiturae
484 1553 560 1602 ipsis
587 1554 785 1590 Comitibus
808 1556 973 1591 Falcken·

144 1601 370 1637 steinenfibus
389 1601 552 1637 concessa
564 1604 686 1648 erant)
712 1604 869 1639 Domino
885 1605 976 1639 dire-

143 1649 200 1686 &0
222 1648 412 1685 transactio
434 1652 491 1684 illa
518 1652 615 1686 nullo
639 1652 744 1687 modo
766 1663 896 1687 nocere
914 1660 974 1688 aut

141 1699 366 1747 praejudicare
379 1699 497 1746 poffit:
516 1699 615 1734 Sic&
629 1701 663 1733 in
679 1701 779 1748 pagis
797 1700 973 1736 Clu-eich-

141 1749 256 1793 goviae
281 1754 441 1782 centenae
467 1745 640 1782 obnoxiis
661 1758 740 1784 cum
766 1749 978 1784 nobilitate)

141 1795 184 1830 de
198 1793 335 1830 tributis
354 1797 576 1843 propriorum
596 1795 780 1831 hominum
801 1799 978 1832 Palatino-

144 1854 217 1878 rum
232 1850 411 1877 conventa
428 1846 518 1878 inter
534 1844 613 1878 illos
634 1852 770 1879 tantum
788 1844 978 1882 observan-

144 1890 187 1925 da
202 1918 211 1934 ,
229 1902 303 1924 non
323 1893 410 1925 ultra
430 1891 658 1927 extendenda
676 1891 866 1931 subsistant.

218 1938 328 1989 Qod
345 1947 458 1974 autem
470 1942 504 1973 in
518 1939 602 1974 aitis
614 1941 657 1974 de
668 1942 745 1974 aliis
762 1942 979 1976 conventio-

146 1986 251 2021 nibus
272 2014 281 2028 ,
305 1989 516 2022 nominatim
533 1999 613 2022 cum
639 1987 846 2035 quibusdam
864 1988 980 2024 Nobi-

146 2038 229 2071 lium
245 2038 440 2082 allegatur,
470 2035 616 2084 quando
633 2047 707 2071 non
731 2034 876 2072 suerunt
897 2047 979 2085 pro-

148 2083 259 2118 dudae
274 2111 287 2128 ,
311 2083 373 2119 suo
401 2085 482 2119 loco
507 2085 727 2131 relinquitur.
779 2084 844 2119 Etfi
866 2080 978 2133 porro

147 2129 301 2180 quodam
311 2134 483 2167 territorii
497 2134 571 2178 jure
583 2131 643 2167 sibi
657 2132 893 2168 Sereniffimus
905 2135 979 2168 Do-

146 2182 264 2215 minus
281 2179 419 2216 Elestor
430 2182 609 2215 Palatinus
626 2183 715 2215 uitra
726 2182 880 2228 quaedam
892 2180 979 2216 asse-

149 2229 209 2270 rit,
223 2236 375 2264 attamen
389 2240 437 2264 ex
450 2241 494 2263 eo
512 2228 601 2263 nihil
615 2228 719 2264 tribui
731 2229 855 2279 potest,
867 2231 980 2278 prius·

146 2288 250 2324 quam
271 2274 449 2325 speciatim
462 2279 500 2311 in
518 2278 607 2311 locis
627 2279 682 2313 vel
698 2280 798 2326 pagis
820 2278 854 2313 id
874 2278 981 2313 doce-

149 2324 258 2369 bitur,
269 2326 368 2373 quod
379 2325 482 2369 hujus
495 2325 584 2360 Com
610 2325 736 2360 romisii
749 2338 823 2362 non
839 2325 900 2369 est,
922 2323 982 2361 sed

150 2376 366 2423 competenti
382 2374 516 2420 judicio
531 2385 568 2409 re
585 2381 729 2409 ervatur
740 2401 756 2420 ,¹
770 2376 826 2411 cui
846 2376 980 2409 etiam..

150 2421 358 2471 praetensum
370 2423 536 2458 territorii
546 2423 641 2468 jusin
654 2435 744 2471 pago
753 2419 983 2468 {mucrenlotbl

152 2479 189 2506 ut
202 2471 236 2507 ὃ(
248 2471 346 2518 quod
365 2472 399 2505 in
414 2471 812 2518 quibusdamNobilium
830 2472 920 2506 locis
933 2468 986 2505 as-

154 2516 279 2554 seritur
289 2546 299 2561 ‚
312 2519 471 2554 relietum
488 2519 573 2553 esto.

202 2566 405 2614 Qiaecunq3
420 2573 537 2601 autem
546 2567 622 2611 jura
632 2566 798 2614 praedisto
805 2568 909 2604 modo
924 2569 986 2602 Se—

156 2611 331 2649 reniffiino
341 2613 490 2649 Eieaori
508 2616 666 2649 Palatino
677 2626 725 2650 ex
739 2613 843 2651 causa
853 2615 987 2651 Wildt-

158 2661 338 2709 sangi-itus
351 2663 756 2709 competierint,aequum
764 2664 812 2699 est
822 2664 867 2700 sic
880 2663 990 2698 habe-

157 2713 204 2753 ri,
223 2711 255 2746 ἃ
268 2711 448 2752 exerceri,
459 2721 530 2756 quo
548 2710 714 2744 Dominis
729 2714 989 2748 territoriorum

161 2756 220 2794 sua
237 2756 989 2806 superioritas,Regaiia,jurisdi&io&caete-

159 2819 196 2843 ra
210 2808 281 2852 jura
292 2804 516 2841 territo‘riaiia
537 2806 573 2839 in
584 2813 694 2840 ten-as
707 2806 742 2841 &
753 2805 916 2842 subditos
928 2817 991 2856 per

163 2855 383 2890 investituras
393 2855 428 2890 ὃ(
440 2854 622 2900 Privilegia
637 2850 809 2889 Caesarum
823 2854 990 2902 acquisita

165 2905 222 2939 vel
241 2904 350 2950 longo
366 2899 473 2937 abusu
488 2900 633 2936 obtenta
651 2928 661 2945 ,
686 2903 730 2937 de
744 2911 874 2937 eaetero
891 2902 992 2940 iliaesa

163 2952 241 2994 sint,
253 2963 328 2987 non
346 2951 586 2998 impediantur
603 2960 669 2985 nec
683 2949 944 2998 perturbentur.

236 2998 444 3047 Quodeirca
461 2996 627 3034 adversus
651 2999 726 3033 haec
741 3000 992 3042 evocationes,

167 3047 349 3082 interdiEta
364 3072 375 3090 ,
400 3046 595 3095 proteffio,
616 3045 831 3095 praescriptio
859 3046 993 3082 formu-

167 3099 276 3132 larum
296 3096 450 3142 homagii
470 3097 701 3130 Provincialis
716 3120 729 3138 ,
750 3095 834 3130 ut&
851 3096 995 3130 manda·

167 3152 284 3180 torum
307 3144 362 3177 vel
381 3141 649 3178 interdictorum
671 3144 830 3178 Dominii
851 3145 995 3178 territo—

164 3195 279 3235 rialis,
297 3192 490 3237 Religionis
511 3191 546 3226 ὅ(
563 3192 831 3236 ῇυτίεάἰᾶἰοηίε,
849 3190 997 3235 cessent,

170 3251 253 3284 nec,
276 3239 387 3286 siquid
403 3239 647 3275 controversiae
666 3240 877 3288 inposterum
889 3251 999 3275 exur-

169 3298 244 3337 get,
273 3290 322 3330 vi,
347 3284 403 3321 sed
420 3283 555 3321 tantum
588 3288 819 3323 amicabiliter
841 3289 897 3322 vel
921 3288 996 3334 jure

175 3345 299 3385 agatur
309 3349 317 3378 3
337 3333 491 3369 Viciffim
501 3333 666 3370 sereniss„
677 3336 825 3372 EleEiori
836 3338 997 3371 Palatino

170 3397 314 3427 eorum,
333 3394 409 3431 quae
429 3381 489 3430 ipsi
504 3390 540 3416 ut
553 3393 741 3431 corporum
758 3385 916 3420 Domino
935 3385 997 3420 de-

171 3429 641 3481 bentur‚ipfiusq;1²raefe&is
656 3432 874 3467 demandatio
883 3433 918 3468 ἃ
931 3443 998 3468 ex·

175 3481 267 3518 nitio
278 3490 352 3516 non
365 3480 404 3515 sit
421 3478 588 3527 impedita
601 3481 654 3523 381
667 3483 704 3516 in
719 3480 775 3516 his
784 3480 998 3525 jurisditiio·

1010 299 1066 333 nis
1091 300 1313 334 territorialis
1341 300 1481 339 auxilio
1506 303 1550 337 ad
1584 304 1838 338 executionem

1009 357 1101 395 opus
1114 348 1193 388 erit,
1206 347 1451 390 adinstantiam
1464 347 1482 386 a
1496 351 1650 394 cujusvis
1662 348 1733 386 loci
1749 350 1839 398 judi-

1011 391 1219 444 ceprompte
1235 395 1425 441 praestetur,
1447 394 1492 432 e&
1507 394 1593 434 vero
1615 406 1760 446 negato,
1781 399 1838 435 vel

1011 444 1054 479 ad
1064 442 1244 478 offlduum
1256 439 1276 477 {1
1288 452 1442 493 tempore
1460 446 1690 493 requisitionis
1710 448 1840 490 dilato,

1012 491 1164 541 ipsismet
1176 493 1309 538 exequi
1327 488 1442 534 liceat.

1062 541 1102 574 Et
1111 541 1271 587 quando,
1299 551 1373 586 quae
1391 542 1598 587 inquerelas
1614 543 1678 587 jam
1693 541 1841 578 deduCia

1013 585 1106 631 sunt,
1127 589 1299 636 plerasque
1312 591 1539 636 reperiuntur
1553 601 1625 624 non
1644 590 1713 626 tam
1729 602 1775 626 ex
1788 592 1842 636 ju-

1011 636 1108 671 ribus
1125 636 1290 684 eorumq3
1305 645 1528 685 competente
1543 640 1844 680 exerciti0,quam

1012 683 1219 720 officialium
1237 684 1429 720 excessibus
1444 683 1672 729 descendisse,
1689 688 1845 734 ideoque

1012 732 1054 768 ad
1065 744 1186 782 pacem
1199 732 1397 782 bonamque
1410 736 1627 770 vicinitatem
1644 731 1786 770 multum
1807 736 1845 769 in

1010 792 1055 815 eo
1066 780 1163 816 situm
1181 779 1273 825 fore,
1291 789 1330 816 ut
1348 783 1383 816 in
1402 781 1574 830 posterum
1589 784 1848 832 praepediantur

1014 838 1074 864 aut
1084 834 1330 872 coerceantur,
1343 831 1469 865 addere
1478 832 1625 879 placuit,
1643 841 1680 865 ut
1691 844 1755 879 pro
1768 833 1846 866 col-

1013 876 1134 913 lisione
1143 875 1380 926 personalium
1392 879 1426 914 ὅ(
1436 881 1702 914 territorialium
1718 881 1847 925 jurium

1012 928 1166 974 indeque
1192 927 1389 962 metuendis
1411 924 1675 962 difficultatibus
1698 928 1733 963 ὃ(
1757 939 1847 962 con-

1015 975 1232 1010 tentionibus
1248 976 1466 1019 devitandis,
1484 973 1553 1010 tam
1565 976 1703 1011 istorum
1723 975 1847 1010 officia

1015 1020 1119 1070 quam
1141 1023 1217 1069 jura
1233 1024 1424 1059 exercendi
1444 1024 1567 1059 modus
1581 1051 1590 1066 ,
1615 1025 1699 1059 huic
1721 1024 1848 1059 Laudo

1011 1071 1311 1107 convenientibus
1329 1071 1617 1107 instruffionibus
1634 1072 1847 1114 formentur,

1014 1131 1081 1155 nec
1097 1120 1158 1154 has
1171 1121 1342 1155 excedere
1359 1131 1516 1167 unquam
1532 1116 1669 1169 impune
1680 1120 1738 1154 sit:

1063 1168 1166 1203 Circa
1179 1165 1620 1216 secundumcompromiffi
1631 1175 1738 1216 caput
1748 1167 1853 1203 Con·'

1013 1215 1152 1251 duEium
1163 1214 1573 1266 ejusquedependentias
1591 1217 1656 1262 juri
1671 1218 1849 1262 congruit.

1015 1275 1091 1312 quae
1111 1263 1188 1300 sunt
1210 1265 1250 1299 de
1268 1264 1330 1300 isto
1349 1266 1442 1299 inter
1456 1268 1575 1300 Partes
1594 1263 1850 1300 transactiones

1016 1313 1050 1348 ὃ(
1072 1315 1336 1348 conventiones
1352 1339 1363 1356 ,
1391 1314 1488 1358 juxta
1513 1311 1663 1361 ipsarum
1685 1320 1852 1348 tenorem

1015 1362 1203 1410 praeprimis
1217 1359 1354 1396 servari.
1381 1361 1542 1413 Qando
1552 1363 1670 1408 itaque
1682 1361 1851 1409 perillam

1017 1411 1320 1452 conventionem,
1347 1421 1424 1457 quae
1442 1407 1650 1445 Praefefimra
1667 1408 1783 1443 Lauda
1803 1406 1851 1442 ad

1016 1457 1258 1507 Episcopatum
1275 1455 1564 1506 Hei-bipolensem
1577 1458 1744 1492 translata
1765 1454 1851 1498 fuit,

1016 1507 1128 1542 eidem
1141 1505 1250 1551 iicjus
1260 1517 1381 1549 omne,
1395 1502 1477 1541 ideo
1489 1506 1522 1541 ὅ(
1538 1504 1784 1548 conducendi,
1796 1505 1852 1539 uti

1017 1555 1203 1590 Ludovico
1222 1554 1266 1589 de
1284 1556 1420 1588 Hutten
1437 1555 1635 1597 venditum,
1653 1553 1761 1595 ceffit,
1783 1562 1854 1588 nec

1018 1605 1209 1651 quicquam
1229 1615 1277 1637 ex
1290 1614 1333 1637 eo
1344 1601 1571 1645 reservatum,
1589 1601 1744 1637 manebit
1762 1601 1859 1636 idem

1016 1652 1086 1697 jam
1103 1651 1197 1688 didio
1217 1648 1441 1700 Episcopatui
1462 1650 1765 1698 imperturbatum,
1783 1658 1855 1683 nee

1019 1700 1231 1735 Elector-atui
1251 1701 1414 1734 Palatino
1442 1699 1500 1734 fibi
1517 1710 1566 1733 ex
1593 1710 1638 1736 eo
1661 1700 1856 1746 quicquam

1021 1746 1180 1784 sumendi
1202 1748 1354 1796 potestas
1372 1745 1532 1797 superest.

1070 1798 1128 1832 Sic
1141 1799 1233 1831 inter
1248 1794 1417 1832 Sereniss.
1436 1795 1614 1831 Elector-es
1625 1795 1660 1832 &
1674 1797 1857 1830 Reveren-

1020 1843 1098 1882 diss.
1114 1843 1304 1892 Episcopos
1326 1842 1503 1891 Spirenses
1517 1870 1528 1886 ,
1550 1842 1693 1879 diverfis
1715 1841 1857 1877 vicibus

1024 1894 1067 1928 de
1088 1891 1271 1927 Condit-{iu
1293 1899 1473 1926 convent-a
1499 1898 1573 1925 rata
1594 1890 1660 1924 sint
1677 1890 1712 1925 &
1733 1887 1857 1925 obser—

1023 1949 1163 1981 ventur,
1176 1939 1376 1974 emendatis
1393 1941 1456 1982 iis,
1475 1950 1549 1986 quae
1563 1936 1663 1973 secus
1683 1937 1858 1972 haetenus

1022 1989 1221 2025 evenerint,
1273 1989 1366 2021 inter
1387 1987 1445 2023 ista
1457 1989 1584 2028 etiam,
1609 1997 1685 2032 quae
1699 1985 1858 2020 Edicho·

1023 2034 1151 2072 viensts
1171 2033 1339 2070 Receffus
1354 2035 1517 2070 definivit
1529 2061 1540 2078 ,
1560 2036 1597 2068 in
1615 2031 1676 2069 usu
1689 2038 1859 2068 maneant

1022 2084 1219 2120 &valentin
1247 2082 1384 2131 Qodli
1398 2077 1486 2118 vero
1499 2078 1737 2117 Reverendiss
1750 2094 1758 2115 ε
1773 2083 1859 2130 Epi-

1024 2130 1085 2168 sco
1115 2133 1356 2179 usputaverit,
1375 2130 1460 2173 sibi,
1483 2142 1558 2165 non
1577 2129 1737 2165 obstante
1756 2140 1861 2164 ante·

1022 2192 1066 2216 ce
1097 2180 1198 2215 'orum
1221 2176 1363 2215 suorum
1390 2177 1482 2214 facta
1505 2176 1789 2226 approbatione,
1814 2177 1858 2212 ab

1024 2230 1097 2264 hoc
1114 2228 1306 2263 recedendi
1318 2226 1521 2263 facultatem
1531 2226 1650 2272 justam
1669 2222 1859 2273 superesse,

1024 2283 1190 2312 manente
1200 2278 1333 2311 interea
1343 2275 1479 2320 ejus,ut
1488 2277 1524 2309 in
1535 2275 1679 2316 aliis,ita
1696 2275 1730 2309 &
1742 2275 1860 2309 nomi·

1024 2327 1134 2361 natim
1150 2326 1245 2359 circa
1254 2323 1489 2367 condu'Ctum,
1511 2324 1754 2371 &aperturam
1772 2324 1859 2357 Dei·-

1024 2371 1321 2416 desheimensem‚
1334 2373 1450 2407 donec
1463 2371 1762 2418 aliterjudicatum
1782 2370 1860 2406 fue·

1025 2425 1068 2458 rit
1082 2450 1094 2466 ,
1115 2419 1368 2463 observantia,
1391 2422 1556 2468 legitimis
1579 2420 1757 2455 mediisin
1779 2419 1860 2455 foro

1025 2478 1252 2519 competente
1267 2471 1423 2518 experiri
1435 2472 1609 2517 integrum
1627 2470 1708 2508 erit,
1726 2465 1860 2504 salvum

1026 2522 1130 2556 etiam
1141 2519 1201 2567 ipsi
1210 2518 1248 2552 fit
1259 2518 1312 2562 jus
1323 2517 1564 2559 conducendi,
1577 2518 1675 2564 quod
1685 2527 1733 2550 ex
1746 2517 1860 2549 Privi-

1028 2569 1126 2615 legiis
1148 2569 1182 2602 ὅτ
1206 2567 1420 2610 investituris
1448 2565 1599 2601 obtinuit
1623 2564 1657 2599 ὅτ
1687 2562 1858 2597 haistolff

1027 2617 1201 2652 exercuit.
1250 2617 1303 2650 De
1319 2622 1446 2649 caetero
1459 2616 1494 2647 in
1509 2612 1581 2654 his,
1608 2621 1684 2657 quae
1705 2621 1752 2644 ex
1771 2621 1862 2644 con-

1027 2662 1257 2699 ventionibus
1266 2662 1407 2697 modum
1421 2672 1461 2695 ac
1472 2660 1716 2696 definitionem
1729 2666 1861 2695 certam

1028 2723 1105 2748 non
1117 2710 1366 2758 habent,super
1374 2707 1636 2756 gravaminibus
1649 2703 1668 2741 a
1677 2713 1773 2754 parte
1784 2707 1861 2741 Do-

1029 2761 1205 2794 minorum
1232 2758 1568 2794 Confoederatorum
1593 2755 1738 2803 prolatis
1766 2754 1800 2789 ὅ(
1821 2756 1859 2791 in

1032 2807 1305 2843 controversiam
1316 2805 1489 2846 deduffis,
1506 2805 1570 2850 juri
1585 2801 1691 2851 atc'lue
1705 2798 1861 2838 eonsue-

1030 2856 1146 2891 tudini
1158 2856 1298 2904 Imperii
1311 2855 1533 2889 conveniens
1543 2850 1778 2887 existimatur:

1054 2937 1057 2939 .
1091 2902 1206 2938 Primo
1228 2911 1263 2937 ut
1283 2899 1451 2937 Sereniss.
1469 2900 1603 2935 Elesior
1623 2901 1801 2934 Palatinus
1822 2899 1862 2934 in

1032 2950 1317 2986 confoederatoru
1335 2951 1436 2985 terris
1452 2949 1525 2994 jure
1539 2946 1763 2983 conducendi
1784 2958 1860 2981 non

1032 3000 1133 3034 aliter
1145 3007 1273 3040 utatur,
1287 2995 1391 3045 quam
1406 2999 1442 3030 in
1457 2996 1601 3030 transitu
1614 2997 1815 3042 Principum
1825 2994 1861 3030 δι

1034 3046 1132 3081 simili
1141 3048 1310 3094 dignitate
1319 3046 1545 3081 eminentium
1555 3041 1865 3125 personalium,co-

1035 3096 1196 3142 piarume
1225 3094 1386 3128 uestrium
1397 3094 1451 3127 vel
1464 3092 1550 3139 pede
1566 3091 1864 3134 mammen-cato-

1035 3151 1112 3177 rum
1125 3143 1166 3177 ad
1177 3107 1340 3177 sociennes
1356 3141 1531 3175 nundinas
1550 3137 1862 3187 proficiscentium,

1030 3187 1688 3237 Judaeorum,Cingarorum&similium
1697 3183 1865 3234 persona-

1037 3249 1135 3282 rum,
1163 3249 1310 3285 quarum
1321 3238 1420 3282 juxta
1437 3239 1531 3283 leges
1549 3233 1710 3272 moresve
1724 3235 1863 3284 Imperii

1038 3295 1113 3323 non
1129 3286 1176 3322 est
1189 3285 1260 3321 fine
1270 3284 1450 3320 commem
1462 3283 1644 3323 securitas.

1086 3328 1269 3376 Secundo,
1280 3342 1395 3367 utnon
1406 3332 1638 3381 praetendatur
1647 3339 1706 3368 aut
1718 3328 1863 3379 usurpe-

1040 3392 1111 3426 tur,
1120 3383 1264 3431 quando
1275 3383 1421 3416 Domini
1434 3392 1552 3416 earum
1562 3389 1730 3417 terrarum
1741 3380 1777 3415 &
1787 3381 1863 3414 via·

1042 3442 1130 3474 rum,
1140 3442 1200 3480 per
1210 3442 1295 3477 quas
1311 3431 1393 3472 itur,
1405 3429 1553 3465 similiter
1565 3440 1688 3466 eorum
1698 3427 1864 3467 Ministri‚

1042 3482 1169 3517 milites
1184 3480 1218 3515 δι
1229 3477 1365 3514 Subditi
1384 3477 1430 3512 ibi
1441 3477 1619 3515 transitum
1633 3475 1785 3518 faciunt,
1810 3471 1866 3507 sed

1144 3529 1168 3563 P
1183 3539 1205 3575 p
1233 3541 1251 3574 3
1763 3525 1873 3567 inno·-

2200 295 2202 309 .„
2198 177 2207 252 3—-52
2196 87 2203 162 -‹-⁴⁴
