2123 3736
283 147 373 188 612

765 132 872 194 Cap.
887 130 1018 182 XIX.
1044 130 1118 176 De
1135 126 1334 175 Ducibus
1348 126 1528 190 Imperii.

273 209 382 260 ‘ffa-tu,
396 212 519 263 nempe
540 221 578 248 ut
598 214 739 247 ratione
763 212 870 246 status
884 238 894 255 ‚
912 212 1115 258 dignitatis,
1164 206 1404 244 Thesaurario
1419 210 1456 241 in
1482 205 1564 243 suos
1580 219 1693 255 pagos
1715 207 1750 243 ὅ(
1768 206 1921 244 subditos
1937 200 2007 257 pes

280 268 419 306 formae,
432 261 523 297 modi
538 268 816 308 caeterorumque
832 258 931 303 (sola
949 259 1116 295 facultate

280 311 447 363 Episcopi
471 310 630 356 eligendi
651 308 818 354 exclusa)
844 319 921 356 quae
942 320 1004 356 per
1030 306 1113 342 fun-

278 364 459 399 dationem
474 358 659 405 privilegia
678 357 885 405 acquisivit,
902 357 1007 402 juxta
1027 367 1113 390 nor-

277 421 367 446 mam
394 406 601 441 statutorum
620 405 656 441 &
675 406 854 454 pactorum
871 405 1115 440 haereditario—

276 466 352 494 rum
375 450 483 503 plane
507 455 600 490 idem
620 480 632 498 ,
653 465 722 490 nec
748 466 824 489 non
858 456 996 496 utrique
1025 451 1116 499 parti

275 514 466 541 commune
484 510 625 538 maneat
639 530 651 546 ,
668 503 762 551 sique
779 505 816 537 in
837 502 991 538 futurum
1012 498 1113 536 defe-

277 553 351 589 &us
366 553 534 587 nonnulli
553 554 754 595 extiterint,
766 560 805 586 ut
823 553 846 586 ii
868 563 932 599 per
949 551 1113 596 utrinque

275 602 464 649 deputatos
493 599 757 636 Commissarios
776 598 868 635 fasta
886 602 977 634 intra
1009 599 1115 633 trium

276 650 446 685 mensium
485 647 631 699 spatium
669 648 857 696 reciproca
889 648 1114 682 intimatione

275 706 538 747 componantur
556 726 567 742 ‚
586 709 627 732 ac
645 698 668 733 si
690 705 815 744 praeter
833 694 926 744 spem
944 707 1003 731 ex·
1015 706 1116 731 com-

275 749 464 782 munione'
478 745 546 782 hac
573 748 666 781 inter
690 748 723 779 S.
748 747 834 792 Reg.
852 746 936 790 Maj.
955 755 996 779 ac
1015 743 1116 779 Sere-

275 792 364 831 niss.
385 795 581 831 Eleftorem
603 796 683 828 lites
699 801 833 828 exortae
849 791 998 835 fuerint,
1008 800 1114 828 uteae

275 846 334 880 vel
361 842 594 879 amicabiliter
616 841 755 876 arbitris
780 839 839 876 seu
863 839 1115 879 mediatoribus

275 895 352 942 pari
372 903 522 927 numero
535 901 582 925 ex
599 890 741 929 statibus
757 887 1042 924 Provincialibus
1062 887 1115 923 se-

274 942 432 977 cundum
449 938 711 988 dispositionem
720 938 868 973 unionis
885 935 1115 973 haereditariae

274 991 420 1026 Ducum
438 989 655 1024 Pomeraniae
675 987 720 1022 ad
738 986 772 1022 id
791 984 936 1021 deleffls
950 1011 962 1028 ‚
979 985 1036 1019 vel
1053 983 1113 1038 νίξὶ

273 1038 359 1084 juris
375 1033 511 1074 mature
527 1037 709 1071 tollantur.
719 1033 1009 1082 Jurisdiciionem
1023 1041 1113 1068 vero

277 1088 428 1122 Civilem
447 1086 483 1122 ὅ(
510 1085 809 1126 Ecclesiasticam,
834 1093 903 1117 nec
931 1093 1008 1116 non
1035 1081 1111 1126 jura

275 1135 426 1171 Ordinis
445 1145 488 1169 ac
504 1134 602 1181 leges
620 1129 860 1168 Dioecesaniae
883 1128 987 1178 super
1004 1129 1110 1177 Capi—

272 1183 387 1220 tulum
406 1183 554 1229 ejusque
572 1181 799 1217 ministerium
820 1177 1113 1221 Ecclesiasticum,

271 1233 373 1282 quod
390 1232 592 1273 concernit,
602 1229 663 1265 etsi
681 1241 729 1265 ex
745 1225 971 1277 dispositione
990 1226 1113 1275 paeto-

271 1293 350 1318 rum
371 1281 520 1316 unionis
541 1279 772 1314 haereditariae
789 1276 848 1312 ista
859 1277 979 1311 omnia
992 1276 1038 1311 ad
1055 1272 1111 1310 so-

271 1331 345 1366 l'um
355 1330 533 1365 ulterioris
549 1328 768 1364 Pomeraniae
776 1326 915 1360 Ducem
929 1326 1014 1360 olim
1033 1321 1112 1371 spe·

273 1378 514 1421 &ammomum
525 1383 644 1412 tamen
653 1387 716 1424 per
726 1373 1006 1410 transactionem
1016 1371 1110 1408 hanc

272 1428 492 1462 limitaneam
520 1425 649 1471 (cujus
685 1425 818 1459 intuitu
854 1422 948 1457 haud
974 1422 1108 1468 exigua

272 1487 355 1524 pars
366 1484 535 1510 terrarum
550 1485 592 1510 ac
609 1472 787 1508 bonorum
798 1472 887 1506 olim
899 1471 944 1506 ad
961 1471 1108 1505 ulterio-

271 1537 346 1560 rem
377 1525 615 1559 Pomeraniam
635 1520 888 1570 pertinentium
904 1546 915 1562 ‚
933 1527 1039 1566 atque
1060 1519 1108 1553 ita

271 1585 416 1621 quoque
450 1572 607 1620 Capituli
638 1572 824 1616 utriusque
856 1568 1027 1603 territorii
1062 1566 1110 1602 cst

270 1622 390 1667 faeta)
419 1633 477 1657 res
509 1623 545 1655 in
585 1620 693 1654 alium
717 1618 841 1653 statum
876 1615 1023 1652 dedu&a
1048 1614 1085 1650 sit
1097 1641 1108 1657 ,

272 1671 315 1706 ad
342 1669 595 1717 praecavendas
624 1670 661 1702 in
691 1665 848 1702 futurum
880 1663 1117 1700 dissensiones-

275 1716 380 1766 super
404 1713 646 1764 jurisdifiione
670 1717 708 1750 in
729 1713 998 1756 Ecclesiasticis,
1020 1714 1111 1748 Poli-

269 1769 352 1804 ticis
371 1767 406 1802 ὃ(
423 1761 733 1814 Appellationibus
757 1765 793 1798 in
811 1760 1020 1816 sequentem,
1035 1770 1112 1796 mo-

270 1817 353 1853 dum
363 1814 580 1850 transaaum
596 1813 658 1856 est,
669 1808 798 1859 nempe
814 1813 944 1858 primo,
957 1815 994 1845 ut
1009 1807 1111 1855 juris-⁴

271 1863 380 1900 diffio
394 1863 633 1899 Ecclesiastica
658 1860 732 1896 unii
751 1871 832 1894 cum
858 1860 993 1894 caeteris
1023 1857 1110 1903 juri-

269 1912 338 1947 bus
361 1909 629 1960 Episcopalibus
645 1935 656 1951 ,
683 1909 770 1944 sicut
791 1919 838 1943 ex
868 1906 1113 1942 transaffione

271 1959 484 1997 Passavienfi
494 1960 529 1994 &
542 1971 620 1995 eam
635 1954 824 1992 subsecuto
836 1967 925 2004 pace
938 1952 1113 2002 Religiosa

269 2005 423 2045 excluso
431 2008 597 2056 Capitulo
611 2033 622 2050 ‚
635 2006 677 2041 ad
691 2003 786 2040 solos
799 2005 982 2052 Principes
1000 2004 1112 2039 devo->

272 2060 347 2094 luta
368 2057 438 2100 est,
456 2059 504 2091 ita
524 2057 561 2090 in
578 2054 755 2103 posterum
784 2064 928 2101 quoque
950 2053 995 2088 ad
1014 2055 1046 2086 S.
1072 2054 1109 2087 R.

270 2107 360 2152 Maj.
382 2117 424 2141 ac
449 2104 705 2140 Serenisiimum
726 2102 923 2137 EleEtorem
947 2099 1044 2136 solos
1065 2112 1113 2136 ex

271 2166 377 2203 aequo
392 2155 593 2201 pertineat,
614 2163 663 2186 ex
683 2161 781 2186 more
801 2148 984 2198 prioribus
998 2149 1112 2184 Duci-

272 2202 340 2238 bus
358 2203 485 2237 usitato
496 2217 512 2243 ‚=
525 2211 566 2235 ac
592 2195 797 2247 praescripto
815 2196 1028 2232 ordinantiae
1045 2199 1112 2231 Ec-·

271 2249 483 2291 etesiarum,
498 2260 561 2296 per
579 2248 764 2292 utriusque
777 2247 888 2293 partis
899 2244 1111 2280 Consistoria

274 2301 383 2334 etiam
405 2299 442 2331 in
466 2296 622 2345 Capituli
640 2293 746 2336 bonis
767 2293 973 2328 exercenda
993 2292 1028 2327 &
1050 2290 1110 2327 ad⁴

271 2344 517 2383 ministranda.
566 2341 729 2379 Secundo
753 2347 793 2375 ut
811 2339 1014 2387 Capitulum
1039 2341 1111 2388 pri-

272 2406 364 2431 mam
383 2392 580 2428 instantiam
591 2417 602 2434 ‚
622 2400 728 2438 quam
743 2390 869 2435 vigore
883 2387 1110 2424 fundationis

270 2439 585 2491 privilegiorum&
597 2445 756 2474 veterum
771 2432 1064 2472 consvetudinem
1074 2437 1110 2471 in

270 2488 489 2529 secularibus
504 2498 628 2523 omnes
640 2483 701 2520 fibi
713 2482 885 2531 subjectos
899 2483 940 2520 ab
960 2486 1111 2532 antiquo

271 2539 454 2581 habuit,in
465 2535 638 2585 posterum
648 2545 792 2581 quoque
806 2533 1111 2581 retineat-Quoad

273 2589 442 2624 Praelatos
466 2579 554 2620 vero
573 2584 608 2619 ὅ(
627 2581 778 2617 Nobiles
799 2583 892 2616 inter
905 2579 1028 2616 causas
1055 2582 1109 2616 di-

272 2635 522 2685 stinguendum
541 2631 655 2676 est‚an
671 2631 729 2666 illa
747 2629 922 2666 beneficia
938 2629 1109 2665 Ecclesia-

273 2686 357 2721 stica
383 2711 395 2728 ‚
419 2694 496 2732 quae
524 2693 574 2717 cx
599 2680 767 2727 Capitulo
793 2679 1026 2727 dependent,
1062 2690 1108 2714 an

271 2730 362 2770 vero
379 2734 465 2768 alias
480 2742 536 2766 res
549 2757 560 2774 ,
580 2736 705 2777 utpote
723 2727 926 2762 contraeius
938 2754 949 2770 ‚
965 2725 1109 2763 fraihni

269 2794 396 2832 pacem
412 2779 590 2829 publicam
611 2804 622 2821 ‚
643 2775 818 2812 maleficia
838 2803 851 2819 ‚
869 2775 1044 2822 honorem
1073 2775 1108 2811 ὅ(

272 2830 398 2868 famam
427 2857 439 2874 ‚
467 2829 576 2864 vitam
605 2827 663 2862 vel
697 2824 794 2860 bona
825 2823 982 2861 feudalia
1017 2835 1108 2860 con-

271 2886 435 2917 cernant.

336 2930 417 2963 Hoc
449 2923 631 2976 posteriori
658 2918 763 2958 causa
796 2921 930 2956 Praelati
960 2931 1002 2956 ac
1029 2921 1108 2956 No-

271 2975 361 3012 biles
382 2987 456 3011 non
480 2984 601 3009 coram
620 2971 810 3019 Capitulo,
833 2966 893 3005 sed
909 2968 1109 3005 Dicasterio

269 3023 626 3072 primaminstantiam
635 3019 843 3061 obtineant,
866 3030 909 3055 ac
927 3027 999 3056 tum
1010 3020 1108 3066 quis-

271 3084 342 3119 que
374 3069 426 3107 sui
447 3070 663 3118 magistratus
693 3068 869 3103 ordinarii
891 3079 932 3103 ac
958 3068 1107 3102 Domini

271 3120 370 3156 feudi
385 3120 501 3156 sorum
510 3120 649 3155 ratione
665 3117 836 3152 territorii
847 3112 1042 3165 agnoscere
1057 3124 1110 3152 te-

274 3178 437 3204 neantur.

331 3217 362 3250 Si
380 3210 467 3251 verb
495 3218 661 3251 Praelatus
687 3214 782 3249 bona
802 3210 932 3249 habeat
959 3214 1005 3246 in·
1021 3214 1110 3247 alte-

272 3263 347 3296 rius
365 3265 509 3298 Domini
529 3264 711 3299 territorio
730 3262 788 3297 sita
801 3290 812 3306 ‚
824 3261 900 3306 ejus
919 3258 1037 3297 forum
1053 3271 1111 3296 ra·

272 3311 371 3344 tione
383 3313 523 3346 illorum
542 3312 719 3347 bonorum
733 3308 911 3358 sequatur.

323 3353 448 3392 Tertio
467 3370 544 3393 cum
565 3357 651 3393 vero
664 3361 817 3395 Praelatis
840 3357 1023 3392 nonnullis
1035 3380 1047 3398 ‚
1058 3361 1111 3389 ut-

273 3400 360 3458 pote
385 3405 567 3452 Praeposlto
583 3433 596 3450 ‚
617 3408 768 3443 Decano
787 3435 799 3451 ‚
826 3404 1044 3442 scholastico
1068 3411 1111 3438 ac

1164 259 1307 293 culiaris
1337 254 1501 291 instantia
1529 266 1572 290 ac
1591 255 1791 302 Jurisdiffio
1810 268 1860 292 ex
1876 261 1989 304 gratia

1164 304 1215 341 sui
1250 304 1432 342 collatoris
1469 312 1643 351 competat
1666 330 1677 347 ,
1709 316 1844 351 aequum
1883 304 1997 340 visum

1162 352 1231 389 fuit
1258 380 1269 397 ‚
1309 363 1384 388 non
1417 346 1555 387 attento
1581 352 1762 388 territorio
1788 357 1994 402 appellatio-

1163 414 1226 438 nes
1240 429 1251 445 ‚
1268 401 1292 436 si
1317 412 1393 449 quae
1414 400 1690 443 extiterint,'acl
1713 402 1882 449 cujusque
1903 405 1994 438 Prae-

1161 452 1221 486 lati
1230 457 1420 498 patronum
1433 448 1468 484 &
1484 450 1690 483 collatorem
1700 450 1853 494 devolvi.

1209 496 1388 547 Quartosi
1399 498 1534 532 Praelati
1545 496 1737 532 acNobiles
1754 499 1893 533 ratione
1909 510 1993 533 cau-

1160 544 1272 583 sarum
1289 573 1302 590 ‚
1325 549 1361 581 in
1390 545 1517 593 quibus
1529 546 1674 593 primam
1697 546 1848 594 Capituli
1860 547 1994 582 Instan-

1160 597 1245 630 tiam
1259 592 1452 642 agnoscere
1464 596 1819 641 tenentur,grava'tos
1832 591 1864 630 se
1880 593 1995 631 sense-

1159 646 1254 687 rint,
1271 645 1318 678 ita
1335 651 1374 679 ut
1392 643 1567 692 appellare
1593 650 1768 690 cogantur
1792 670 1803 686 ,
1819 646 1995 679 conveni-

1158 691 1367 728 entiffimum
1388 690 1456 728 fuit
1479 717 1492 734 ,
1510 690 1675 727 A&orem
1695 693 1732 726 in
1755 689 1995 748 personalibus

1161 742 1237 784 rei,
1257 743 1293 775 in
1312 739 1581 776 beneficialibus
1611 741 1792 775 collatoris
1805 766 1816 782 ,
1833 742 1871 774 in
1891 742 1996 775 reali-

1162 788 1227 825 bus
1247 788 1364 824 forum
1383 790 1432 825 rei
1446 788 1512 822 fitae
1529 790 1566 823 in
1581 786 1833 837 prosequendo
1842 788 1916 833 jure
1931 785 1995 824 suo

1160 836 1281 885 sequi,
1301 839 1348 872 ita
1360 845 1398 872 ut
1414 839 1450 872 in
1470 838 1539 872 illis
1552 864 1563 881 ‚
1581 836 1605 872 si
1619 849 1703 872 reus
1719 840 1774 872 vel
1792 838 1921 884 Regius
1938 837 1995 872 vel

1159 886 1366 921 Elesioralis
1395 888 1559 921 Praelatus
1585 884 1624 921 sit
1640 913 1651 929 ‚
1672 886 1864 935 appellatio
1885 884 1995 931 adju·

1159 935 1292 970 dicium
1306 935 1451 982 Regium
1461 934 1716 970 velElectorale
1738 936 1776 969 in
1788 933 1858 968 istis
1876 935 1919 969 ad
1928 935 1995 968 Di-

1159 981 1345 1018 casterium
1374 984 1582 1026 Collatoris;
1604 985 1639 1018 in
1662 983 1717 1017 his
1739 976 1830 1018 'vero
1859 983 1905 1017 ad
1932 983 1996 1017 do-

1158 1032 1294 1065 minum
1317 1033 1513 1075 territorii,
1534 1034 1572 1067 in
1592 1044 1664 1080 quo
1682 1042 1739 1066 res
1762 1030 1824 1066 fita
1848 1030 1918 1074 est,
1941 1032 1996 1066 di·

1159 1080 1306 1127 rigatut'a
1335 1121 1340 1125 ὁ
1497 1122 1501 1128 .
1665 1122 1668 1125 .

1227 1126 1344 1176 Quod
1378 1127 1414 1163 &
1444 1130 1574 1176 quinto
1607 1129 1747 1164 'ratione
1776 1125 1998 1172 Jurisdiffio-

1160 1177 1217 1211 nis
1244 1173 1347 1224 super
1371 1174 1479 1226 ipsum
1502 1178 1715 1225 Capitulum⁴
1731 1176 1849 1224 quoad
1878 1177 1996 1210 curias

1161 1225 1390 1260 Praelatorum
1420 1227 1457 1259 in
1488 1222 1644 1260 secunda
1674 1224 1836 1259 instantia
1866 1223 1997 1259 attendi

1160 1274 1308 1321 placuita
1360 1267 1614 1321 Siveroipsum
1630 1270 1900 1321 Capitulumseu
1921 1274 1995 1307 col-

1160 1323 1292 1369 legium
1320 1320 1540 1358 residentiam
1568 1321 1716 1370 ejusque
1743 1320 1922 1356 Ministros
1953 1332 1996 1355 ac

1159 1369 1405 1405 Mandatarios
1437 1382 1486 1405 ex
1524 1371 1627 1418 gestis
1660 1372 1804 1405 nomine
1840 1369 1998 1417 Capituli

1162 1420 1219 1454 vel
1234 1417 1371 1454 afflone
1385 1416 1576 1467 personali,
1587 1420 1643 1455 vel
1663 1414 1830 1461 reali‚vel
1844 1429 1893 1452 ex
1906 1429 1996 1453 con-

1159 1467 1287 1511 tractu,
1297 1468 1353 1503 vel
1366 1467 1510 1510 delisto,
1522 1467 1540 1503 a
1552 1470 1691 1516 privato
1701 1468 1889 1502 conveniri
1907 1478 2013 1502 con-⁷

1160 1514 1414 1563 tigerit‚visum
1425 1515 1506 1559 fuit,
1517 1517 1553 1550 in
1564 1516 1702 1552 actione
1713 1517 1799 1550 reali
1809 1516 1866 1550 vel
1875 1513 1997 1564 perso-

1159 1567 1232 1600 nali
1244 1565 1284 1600 ad
1296 1572 1427 1600 certam
1437 1576 1508 1600 rem
1520 1564 1692 1607 instituta,
1703 1572 1779 1599 eam
1789 1571 1907 1598 coram
1922 1567 1996 1599 Do-

1160 1615 1259 1648 mino
1267 1615 1454 1657 territorii,
1464 1612 1586 1649 ubires
1596 1613 1655 1648 sita
1666 1612 1728 1655 est,
1739 1612 1886 1647 institui.
1906 1613 1948 1647 >ln
1958 1623 1998 1647 a·

1160 1662 1280 1697 &ione
1297 1660 1385 1698 vero
1400 1658 1494 1697 mere
1511 1659 1686 1710 personali
1701 1661 1867 1707 judicium
1892 1663 1996 1708 utr1q3

1161 1713 1254 1793 patiti
1269 1720 1454 1747 commune
1470 1722 1534 1759 per
1543 1712 1676 1758 utrinq3
1691 1710 1871 1757 delegatos
1890 1721 1999 1746 exer-

1161 1771 1222 1795 cel‘
1239 1781 1245 1793 ι
1969 1781 1972 1785 ·

1209 1806 1242 1842 Si
1258 1815 1374 1843 autem
1383 1803 1488 1843 causa
1497 1811 1693 1843 concernat
1703 1805 1925 1843 contractum
1940 1808 1999 1844 vel

1160 1851 1323 1891 delicium
1341 1884 1353 1899 ,
1371 1859 1426 1892 vel
1443 1858 1479 1890 in
1502 1852 1574 1903 ipsa
1599 1853 1680 1891 sede
1707 1856 1873 1903 Capitulo
1899 1866 1998 1891 com·

1162 1905 1285 1948 muni,
1300 1905 1357 1940 vel
1381 1907 1418 1940 in
1436 1906 1544 1940 curiis
1566 1907 1792 1939 Praelatorum
1811 1906 1906 1939 inter
1925 1906 1999 1953 pri·

1163 1961 1266 1989 vatos
1291 1955 1417 1988 initum
1435 1954 1492 1990 vel
1523 1952 1739 1989 commissum
1763 1964 1779 1996 ,⁴
1809 1954 1921 2002 priori
1942 1964 2000 1988 ca·

1164 1999 1200 2038 su
1226 2004 1422 2051 praeventio
1443 2028 1455 2045 ,
1481 2000 1652 2049 tanquam
1684 2003 1720 2036 in
1745 2012 1784 2037 re
1815 2002 1999 2037 communi

1164 2049 1305 2087 habebit
1322 2052 1440 2086 locum
1453 2076 1464 2092 ‚
1479 2050 1663 2099 posteriori
1680 2043 1768 2085 vero
1784 2050 1888 2085 locus
1913 2061 2002 2086 con-

1163 2099 1295 2135 tra&us
1325 2101 1380 2136 vel
1403 2099 1518 2134 delicti
1544 2099 1781 2134 attendendus
1807 2100 1899 2141 erit,
1924 2101 1997 2141 ita,

1163 2143 1188 2182 si
1209 2147 1415 2183 contractus
1445 2148 1501 2182 vel
1526 2147 1689 2182 delictum
1714 2148 1752 2181 in
1782 2148 1879 2182 curia
1904 2148 1997 2181 Prae-

1162 2194 1220 2230 lati
1239 2196 1365 2241 Regii,
1384 2197 1597 2243 provocatio
1622 2196 1665 2242 ad
1681 2196 1848 2241 Regium;
1866 2192 1890 2227 si
1906 2205 1995 2229 vero

1163 2244 1200 2277 in
1219 2244 1317 2277 curia
1338 2243 1471 2277 Praelati
1484 2242 1687 2277 Elesioralis
1706 2241 1922 2278 celebratum
1938 2243 1994 2278 vel

1159 2297 1397 2339 perpetratum
1414 2290 1475 2334 sit,
1496 2291 1542 2326 ad
1553 2288 1747 2325 Eieaoraie
1763 2290 2000 2330 Dicasterium

1162 2338 1346 2386 dirigatura
1378 2364 1379 2367 η
1622 2380 1624 2382 v
1660 2379 1662 2381 ¹
1681 2381 1684 2384 Δ
1950 2380 1952 2382 ¹

1176 2429 1178 2431 ,
1209 2379 1323 2421 Sexto
1353 2382 1487 2432 placuit
1509 2381 1795 2431 jurisdictionem
1825 2382 1998 2421 Ecclesia·

1160 2433 1277 2470 sticam
1292 2438 1328 2469 ut
1347 2434 1382 2468 ὃ(
1395 2444 1435 2468 ea
1451 2459 1462 2475 ‚
1488 2445 1566 2481 quae
1585 2434 1903 2481 pertinentadjura
1925 2437 1997 2470 Or-

1160 2482 1254 2517 dinis
1278 2482 1314 2518 &
1329 2482 1418 2530 legis
1434 2479 1794 2526 Dioecesanae(extra
1807 2483 1996 2519 Ecclesiam

1159 2531 1428 2575 cathedralem)
1450 2530 1549 2575 juxta
1574 2529 1833 2567 diffinitionem
1855 2533 1998 2567 territo-

1159 2579 1294 2615 riorum
1320 2579 1458 2621 dividi,
1477 2580 1523 2614 ita
1545 2586 1584 2614 ut
1605 2588 1729 2615 omnes
1754 2579 1915 2615 Ecclesiae
1934 2590 1996 2629 pa-

1159 2628 1268 2663 stores
1282 2654 1294 2671 ,
1316 2639 1358 2663 ac
1380 2626 1530 2663 Ministri
1556 2627 1813 2672 Ecclefiarum,
1835 2635 1904 2664 nec
1919 2636 1997 2664 non

1159 2688 1216 2712 res
1234 2675 1478 2711 Ecclefiasticae
1495 2677 1531 2711 in
1556 2678 1599 2711 iis
1616 2677 1727 2720 locis,
1748 2688 1824 2724 quae
1842 2678 1879 2711 in
1895 2679 1996 2717 terri·

1159 2726 1254 2761 torio
1267 2726 1381 2773 Regio
1394 2724 1462 2759 sitae
1479 2721 1572 2767 sunt,
1584 2727 1729 2772 Regium
1747 2724 1998 2762 Confistorium

1159 2773 1567 2822 adSuperintendentem
1581 2800 1593 2817 ,
1612 2785 1654 2808 ac
1670 2776 1748 2809 vice
1761 2772 1857 2810 versa
1870 2784 1997 2810 omnes

1159 2821 1322 2858 Ecclesiae
1341 2822 1484 2857 ministri
1508 2834 1550 2857 ac
1566 2834 1621 2858 res
1634 2821 1879 2859 Ecclefiasticae
1896 2825 1932 2858 in
1950 2824 1993 2859 iis

1159 2873 1250 2907 locis
1265 2898 1276 2914 ,
1293 2883 1370 2920 quae
1388 2870 1591 2919 Elesloralis
1611 2873 1777 2906 territorii
1797 2868 1899 2915 sunt,
1919 2873 1996 2907 Ele·

1160 2919 1292 2956 &orale
1312 2919 1550 2956 consistorium
1576 2930 1619 2954 ac
1639 2921 1996 2966 superintendentem

1159 2967 1385 3005 solummodo
1407 2966 1599 3014 agnoscere
1635 2975 1826 3003 teneantur
1849 2996 1861 3013 ,
1890 2977 1997 3017 atque

1161 3018 1301 3066 Synodi
1314 3014 1370 3052 seu
1382 3013 1560 3051 Diaeceses
1578 3015 1683 3061 juxta
1697 3028 1774 3053 eam
1784 3017 1991 3054 divisionem

1161 3065 1354 3102 formandae
1377 3066 1536 3099 venianta

1208 3114 1360 3162 Septimo
1375 3115 1508 3159 pariter
1522 3113 1559 3147 in
1571 3115 1704 3148 caeteris
1723 3114 1866 3162 q'uo'que
1882 3109 1993 3160 respe-

1161 3161 1218 3198 &u
1252 3161 1478 3196 Praelatorum
1509 3172 1551 3195 ac
1578 3160 1751 3197 nobilium
1783 3160 1882 3210 supra
1914 3171 1990 3195 non

1161 3211 1351 3257 exceptis,
1373 3210 1491 3255 quoad
1519 3211 1639 3245 civilia
1672 3211 1707 3246 &
1728 3210 1919 3247 criminalia
1949 3210 1989 3242 in

1162 3256 1314 3293 secunda
1346 3256 1509 3292 instantia
1539 3257 1712 3294 distinctio
1740 3259 1990 3295 territoriorum

1160 3302 1336 3341 observari
1350 3315 1411 3347 ,ac
1421 3304 1571 3353 persona
1591 3309 1641 3341 rei
1653 3308 1787 3343 attendi
1805 3304 1922 3348 debet,
1940 3306 1988 3339 ita

1162 3361 1200 3388 ut
1215 3353 1258 3387 ad
1275 3352 1350 3397 ejus
1367 3355 1538 3404 Principis
1553 3352 1689 3398 forum,
1706 3352 1765 3390 sub
1786 3364 1858 3402 quo
1878 3353 1989 3388 domi-

1161 3403 1282 3439 cilium
1293 3413 1375 3438 reus
1395 3401 1516 3448 habet,
1531 3403 1773 3451 appellandum
1789 3403 1841 3439 sit.
1957 3441 1967 3455 x

1836 3447 1994 3491 Ossam,
